@inproceedings{45857,
title = {Audio Set: An ontology and human-labeled dataset for audio events},
author  = {Jort F. Gemmeke and Daniel P. W. Ellis and Dylan Freedman and Aren Jansen and Wade Lawrence and R. Channing Moore and Manoj Plakal and Marvin Ritter},
year  = {2017},
booktitle = {Proc. IEEE ICASSP 2017},
address = {New Orleans, LA}
}
@inproceedings{45381,
title = {TensorFlow: A system for large-scale machine learning},
author  = {Martin Abadi and Paul Barham and Jianmin Chen and Zhifeng Chen and Andy Davis and Jeffrey Dean and Matthieu Devin and Sanjay Ghemawat and Geoffrey Irving and Michael Isard and Manjunath Kudlur and Josh Levenberg and Rajat Monga and Sherry Moore and Derek G. Murray and Benoit Steiner and Paul Tucker and Vijay Vasudevan and Pete Warden and Martin Wicke and Yuan Yu and Xiaoqiang Zheng},
year  = {2016},
URL = {https://www.usenix.org/system/files/conference/osdi16/osdi16-abadi.pdf},
booktitle = {12th USENIX Symposium on Operating Systems Design and Implementation (OSDI 16)},
pages = {265--283}
}
@article{DBLP:journals/corr/ChenLLLWWXXZZ15,
  author    = {Tianqi Chen and
               Mu Li and
               Yutian Li and
               Min Lin and
               Naiyan Wang and
               Minjie Wang and
               Tianjun Xiao and
               Bing Xu and
               Chiyuan Zhang and
               Zheng Zhang},
  title     = {MXNet: {A} Flexible and Efficient Machine Learning Library for Heterogeneous
               Distributed Systems},
  journal   = {CoRR},
  volume    = {abs/1512.01274},
  year      = {2015},
  url       = {http://arxiv.org/abs/1512.01274},
  archivePrefix = {arXiv},
  eprint    = {1512.01274},
  timestamp = {Wed, 07 Jun 2017 14:40:48 +0200},
  biburl    = {http://dblp.org/rec/bib/journals/corr/ChenLLLWWXXZZ15},
  bibsource = {dblp computer science bibliography, http://dblp.org}
}
@article{DBLP:journals/corr/ChenG16,
  author    = {Tianqi Chen and
               Carlos Guestrin},
  title     = {XGBoost: {A} Scalable Tree Boosting System},
  journal   = {CoRR},
  volume    = {abs/1603.02754},
  year      = {2016},
  url       = {http://arxiv.org/abs/1603.02754},
  archivePrefix = {arXiv},
  eprint    = {1603.02754},
  timestamp = {Wed, 07 Jun 2017 14:42:25 +0200},
  biburl    = {http://dblp.org/rec/bib/journals/corr/ChenG16},
  bibsource = {dblp computer science bibliography, http://dblp.org}
}
@article{DBLP:journals/corr/HeZRS15,
  author    = {Kaiming He and
               Xiangyu Zhang and
               Shaoqing Ren and
               Jian Sun},
  title     = {Deep Residual Learning for Image Recognition},
  journal   = {CoRR},
  volume    = {abs/1512.03385},
  year      = {2015},
  url       = {http://arxiv.org/abs/1512.03385},
  archivePrefix = {arXiv},
  eprint    = {1512.03385},
  timestamp = {Wed, 07 Jun 2017 14:41:17 +0200},
  biburl    = {http://dblp.org/rec/bib/journals/corr/HeZRS15},
  bibsource = {dblp computer science bibliography, http://dblp.org}
}
@inproceedings{Krizhevsky:2012:ICD:2999134.2999257,
 author = {Krizhevsky, Alex and Sutskever, Ilya and Hinton, Geoffrey E.},
 title = {ImageNet Classification with Deep Convolutional Neural Networks},
 booktitle = {Proceedings of the 25th International Conference on Neural Information Processing Systems - Volume 1},
 series = {NIPS'12},
 year = {2012},
 location = {Lake Tahoe, Nevada},
 pages = {1097--1105},
 numpages = {9},
 url = {http://dl.acm.org/citation.cfm?id=2999134.2999257},
 acmid = {2999257},
 publisher = {Curran Associates Inc.},
 address = {USA},
}
@article{DBLP:journals/corr/SakSB14,
  author    = {Hasim Sak and
               Andrew W. Senior and
               Fran{\c{c}}oise Beaufays},
  title     = {Long Short-Term Memory Based Recurrent Neural Network Architectures
               for Large Vocabulary Speech Recognition},
  journal   = {CoRR},
  volume    = {abs/1402.1128},
  year      = {2014},
  url       = {http://arxiv.org/abs/1402.1128},
  archivePrefix = {arXiv},
  eprint    = {1402.1128},
  timestamp = {Wed, 07 Jun 2017 14:42:49 +0200},
  biburl    = {http://dblp.org/rec/bib/journals/corr/SakSB14},
  bibsource = {dblp computer science bibliography, http://dblp.org}
}
@article{DBLP:journals/corr/ChungGCB14,
  author    = {Junyoung Chung and
               {\c{C}}aglar G{\"{u}}l{\c{c}}ehre and
               KyungHyun Cho and
               Yoshua Bengio},
  title     = {Empirical Evaluation of Gated Recurrent Neural Networks on Sequence
               Modeling},
  journal   = {CoRR},
  volume    = {abs/1412.3555},
  year      = {2014},
  url       = {http://arxiv.org/abs/1412.3555},
  archivePrefix = {arXiv},
  eprint    = {1412.3555},
  timestamp = {Wed, 07 Jun 2017 14:40:04 +0200},
  biburl    = {http://dblp.org/rec/bib/journals/corr/ChungGCB14},
  bibsource = {dblp computer science bibliography, http://dblp.org}
}
@incollection{45611,
title = {CNN Architectures for Large-Scale Audio Classification},
author  = {Shawn Hershey and Sourish Chaudhuri and Daniel P. W. Ellis and Jort F. Gemmeke and Aren Jansen and Channing Moore and Manoj Plakal and Devin Platt and Rif A. Saurous and Bryan Seybold and Malcolm Slaney and Ron Weiss and Kevin Wilson},
year  = {2017},
URL = {https://arxiv.org/abs/1609.09430},
booktitle = {International Conference on Acoustics, Speech and Signal Processing (ICASSP)}
}
@INPROCEEDINGS{5206848, 
author={J. Deng and W. Dong and R. Socher and L. J. Li and Kai Li and Li Fei-Fei}, 
booktitle={2009 IEEE Conference on Computer Vision and Pattern Recognition}, 
title={ImageNet: A large-scale hierarchical image database}, 
year={2009}, 
volume={}, 
number={}, 
pages={248-255}, 
keywords={Internet;computer vision;image resolution;image retrieval;multimedia computing;ontologies (artificial intelligence);trees (mathematics);very large databases;visual databases;ImageNet database;Internet;computer vision;image resolution;image retrieval;large-scale hierarchical image database;large-scale ontology;multimedia data;subtree;wordNet structure;Explosions;Image databases;Image retrieval;Information retrieval;Internet;Large-scale systems;Multimedia databases;Ontologies;Robustness;Spine}, 
doi={10.1109/CVPR.2009.5206848}, 
ISSN={1063-6919}, 
month={June},
}
@ONLINE {online:multilabel,
    author = "Jesse Read",
    title  = "Multi-label Classification",
    month  = "July",
    year   = "2013",
    url    = "https://users.ics.aalto.fi/jesse/talks/Multilabel-Part01.pdf"
}
@article{DBLP:journals/corr/IoffeS15,
  author    = {Sergey Ioffe and
               Christian Szegedy},
  title     = {Batch Normalization: Accelerating Deep Network Training by Reducing
               Internal Covariate Shift},
  journal   = {CoRR},
  volume    = {abs/1502.03167},
  year      = {2015},
  url       = {http://arxiv.org/abs/1502.03167},
  archivePrefix = {arXiv},
  eprint    = {1502.03167},
  timestamp = {Wed, 07 Jun 2017 14:40:49 +0200},
  biburl    = {http://dblp.org/rec/bib/journals/corr/IoffeS15},
  bibsource = {dblp computer science bibliography, http://dblp.org}
}
@article{DBLP:journals/corr/abs-1207-0580,
  author    = {Geoffrey E. Hinton and
               Nitish Srivastava and
               Alex Krizhevsky and
               Ilya Sutskever and
               Ruslan Salakhutdinov},
  title     = {Improving neural networks by preventing co-adaptation of feature detectors},
  journal   = {CoRR},
  volume    = {abs/1207.0580},
  year      = {2012},
  url       = {http://arxiv.org/abs/1207.0580},
  archivePrefix = {arXiv},
  eprint    = {1207.0580},
  timestamp = {Wed, 07 Jun 2017 14:40:12 +0200},
  biburl    = {http://dblp.org/rec/bib/journals/corr/abs-1207-0580},
  bibsource = {dblp computer science bibliography, http://dblp.org}
}